<record><leader>00000cas a22000007a 4500</leader><controlfield tag="001">19003084</controlfield><controlfield tag="008">890111d19211921nduwr ne      0    0eng d</controlfield><datafield ind1=" " ind2=" " tag="010"><subfield code="a">sn 89074002 </subfield></datafield><datafield ind1=" " ind2=" " tag="040"><subfield code="a">NOP</subfield><subfield code="b">eng</subfield><subfield code="c">NOP</subfield><subfield code="d">OCLCQ</subfield></datafield><datafield ind1=" " ind2=" " tag="042"><subfield code="a">msc</subfield></datafield><datafield ind1="0" ind2="4" tag="245"><subfield code="a">The Bathgate arclight.</subfield></datafield><datafield ind1=" " ind2=" " tag="260"><subfield code="a">Bathgate, Pembina County, N.D. :</subfield><subfield code="b">[s.n.]</subfield></datafield><datafield ind1=" " ind2=" " tag="300"><subfield code="a">1 v. ;</subfield><subfield code="c">54 cm.</subfield></datafield><datafield ind1=" " ind2=" " tag="310"><subfield code="a">Weekly</subfield></datafield><datafield ind1="0" ind2=" " tag="362"><subfield code="a">Vol. 1, no. 1 (Sept. 2, 1921)-v. 1, no. 6 (Oct. 7, 1921).</subfield></datafield><datafield ind1=" " ind2=" " tag="530"><subfield code="a">Available on microfilm from the State Historical Society of North Dakota.</subfield></datafield><datafield ind1=" " ind2=" " tag="580"><subfield code="a">Issued with Neche chronotype.</subfield></datafield><datafield ind1=" " ind2=" " tag="752"><subfield code="a">United States</subfield><subfield code="b">North Dakota</subfield><subfield code="c">Pembina</subfield><subfield code="d">Bathgate.</subfield></datafield><datafield ind1="1" ind2=" " tag="777"><subfield code="t">Neche chronotype</subfield><subfield code="w">(DLC)sn 88076736</subfield></datafield></record>